<record xmlns='http://www.loc.gov/MARC21/slim'><leader>02029ntm a2200409 i 4500</leader><controlfield tag='001'>991058289559706011</controlfield><controlfield tag='005'>20220407114017.0</controlfield><controlfield tag='008'>220324q13001400it            000 u eng  </controlfield><datafield ind1=' ' ind2=' ' tag='035'><subfield code='a'>(OCoLC)1305301958h</subfield></datafield><datafield ind1=' ' ind2=' ' tag='035'><subfield code='a'>(OCoLC)on1305301958h</subfield></datafield><datafield ind1=' ' ind2=' ' tag='040'><subfield code='a'>HRH</subfield><subfield code='b'>eng</subfield><subfield code='e'>dcrmmss</subfield><subfield code='c'>HRH</subfield></datafield><datafield ind1=' ' ind2=' ' tag='041'><subfield code='a'>lat</subfield></datafield><datafield ind1=' ' ind2=' ' tag='049'><subfield code='a'>HRHH</subfield></datafield><datafield ind1=' ' ind2='9' tag='099'><subfield code='a'>MS 3327, Container 1</subfield></datafield><datafield ind1='0' ind2='0' tag='245'><subfield code='a'>Breviary, temporale, without calendar</subfield><subfield code='k'>manuscript.</subfield></datafield><datafield ind1=' ' ind2='0' tag='264'><subfield code='a'>Italy ;</subfield><subfield code='c'>14th or 15th century</subfield></datafield><datafield ind1=' ' ind2=' ' tag='300'><subfield code='a'>169 leaves :</subfield><subfield code='b'>parchment,</subfield><subfield code='c'>24 x 18 cm</subfield></datafield><datafield ind1=' ' ind2=' ' tag='336'><subfield code='a'>text</subfield><subfield code='b'>txt</subfield><subfield code='2'>rdacontent</subfield></datafield><datafield ind1=' ' ind2=' ' tag='337'><subfield code='a'>unmediated</subfield><subfield code='b'>n</subfield><subfield code='2'>rdamedia</subfield></datafield><datafield ind1=' ' ind2=' ' tag='338'><subfield code='a'>volume</subfield><subfield code='b'>nc</subfield><subfield code='2'>rdacarrier</subfield></datafield><datafield ind1=' ' ind2=' ' tag='500'><subfield code='a'>Title devised by cataloger.</subfield></datafield><datafield ind1=' ' ind2=' ' tag='500'><subfield code='a'>Gothic rotunda script; Layout is 2 columns.</subfield></datafield><datafield ind1=' ' ind2=' ' tag='506'><subfield code='a'>Unrestricted in reading room, but coach user; available for classroom use in exhibit case only.</subfield></datafield><datafield ind1=' ' ind2=' ' tag='590'><subfield code='a'>MS 3327, Container 1:  Edward A. Parsons (1878-1962) of New Orleans, Louisiana (not listed in De Ricci). DIDB Record Number: 3349 (338); 6190 (7). Binding: brown tanned animal skin over wood boards; extensively repaired; mix of Greek-style and medieval binding elements. Note in blind on spine: &quot;Codice dal Venezia Milano 1806&quot;. Metal furniture decorated with cherub heads. Manuscript pastedowns removed and laid in, imprint present on boards.</subfield></datafield><datafield ind1=' ' ind2=' ' tag='590'><subfield code='a'>A digital surrogate of Ransom Center copy MS 3327, Container 1 is available through the Digital Scriptorium.</subfield></datafield><datafield ind1=' ' ind2='7' tag='655'><subfield code='a'>Breviaries.</subfield><subfield code='2'>rbgenr</subfield></datafield><datafield ind1=' ' ind2='7' tag='655'><subfield code='a'>Decorated initials.</subfield><subfield code='2'>aat</subfield></datafield><datafield ind1=' ' ind2='7' tag='655'><subfield code='a'>Illuminated manuscripts.</subfield><subfield code='2'>aat</subfield></datafield><datafield ind1=' ' ind2='7' tag='655'><subfield code='a'>Furniture (components)</subfield><subfield code='2'>lobt</subfield></datafield><datafield ind1='1' ind2=' ' tag='790'><subfield code='a'>Parsons, Edward Alexander, 1878-1962,</subfield><subfield code='e'>former owner.</subfield></datafield><datafield ind1='2' ind2=' ' tag='791'><subfield code='a'>Medieval and Early Modern Manuscripts Collection.</subfield></datafield><datafield ind1=' ' ind2=' ' tag='752'><subfield code='a'>Italy,</subfield><subfield code='e'>producation place.</subfield></datafield><datafield ind1='4' ind2='0' tag='856'><subfield code='u'>http://ds.lib.berkeley.edu/HRC001_37</subfield><subfield code='y'>Digital copy for MS 3327, Container 1</subfield></datafield><datafield ind1=' ' ind2=' ' tag='945'><subfield code='a'>blw</subfield></datafield><datafield ind1='1' ind2=' ' tag='979'><subfield code='a'>Parsons, Edward Alexander, 1878-1962,</subfield><subfield code='e'>former owner.</subfield></datafield><datafield ind1='2' ind2=' ' tag='979'><subfield code='a'>Medieval and Early Modern Manuscripts Collection.</subfield></datafield><datafield ind1=' ' ind2=' ' tag='994'><subfield code='a'>C0</subfield><subfield code='b'>HRH</subfield></datafield></record>
